<record><leader>00000cas a22000007a 4500</leader><controlfield tag="001">13389740</controlfield><controlfield tag="008">860404d1831183upauwr ne      0    0ger  </controlfield><datafield ind1=" " ind2=" " tag="010"><subfield code="a">sn 86071316 </subfield></datafield><datafield ind1=" " ind2=" " tag="040"><subfield code="a">DLC</subfield><subfield code="b">eng</subfield><subfield code="c">DLC</subfield><subfield code="d">NPH</subfield><subfield code="d">OCL</subfield><subfield code="d">DLC</subfield><subfield code="d">OCLCQ</subfield><subfield code="d">OCLCF</subfield></datafield><datafield ind1="1" ind2=" " tag="029"><subfield code="a">AU@</subfield><subfield code="b">000025834282</subfield></datafield><datafield ind1=" " ind2=" " tag="042"><subfield code="a">msc</subfield></datafield><datafield ind1=" " ind2=" " tag="043"><subfield code="a">n-us-pa</subfield></datafield><datafield ind1="0" ind2="0" tag="050"><subfield code="a">Newspaper</subfield></datafield><datafield ind1="0" ind2="4" tag="245"><subfield code="a">Der Lecha Patriot und Northampton Caunty Jeffersonianer und Telegraph.</subfield></datafield><datafield ind1="1" ind2="3" tag="246"><subfield code="a">Lecha Patriot</subfield></datafield><datafield ind1="1" ind2="3" tag="246"><subfield code="a">Northampton Jeffersonianer</subfield></datafield><datafield ind1="1" ind2="3" tag="246"><subfield code="a">Lecha Patriot und Northampton Jeffersonianer</subfield></datafield><datafield ind1=" " ind2=" " tag="260"><subfield code="a">Allentaun, Pa. :</subfield><subfield code="b">Reuben Guth</subfield></datafield><datafield ind1=" " ind2=" " tag="300"><subfield code="a">v. :</subfield><subfield code="b">ill. ;</subfield><subfield code="c">50 cm.</subfield></datafield><datafield ind1=" " ind2=" " tag="310"><subfield code="a">Weekly</subfield></datafield><datafield ind1="1" ind2=" " tag="362"><subfield code="a">Began in 1831?</subfield></datafield><datafield ind1=" " ind2=" " tag="500"><subfield code="a">Published also in Easton, Pa.</subfield></datafield><datafield ind1=" " ind2=" " tag="500"><subfield code="a">Issue for &lt;Sept. 11, 1834&gt; carries three separate titles on pp. 2-4: Lecha Patriot; Northampton Jeffersonianer; Lecha Patriot und Northampton Jeffersonianer.</subfield></datafield><datafield ind1=" " ind2=" " tag="588"><subfield code="a">Description based on: 26. Dec. 1833.</subfield></datafield><datafield ind1=" " ind2="0" tag="650"><subfield code="a">German Americans</subfield><subfield code="z">Pennsylvania</subfield><subfield code="v">Newspapers.</subfield></datafield><datafield ind1=" " ind2="0" tag="651"><subfield code="a">Allentown (Pa.)</subfield><subfield code="v">Newspapers.</subfield></datafield><datafield ind1=" " ind2="7" tag="655"><subfield code="a">Newspapers.</subfield><subfield code="2">fast</subfield><subfield code="0">(OCoLC)fst01423814</subfield></datafield><datafield ind1=" " ind2="7" tag="650"><subfield code="a">German Americans.</subfield><subfield code="2">fast</subfield><subfield code="0">(OCoLC)fst00941308</subfield></datafield><datafield ind1=" " ind2="7" tag="651"><subfield code="a">Pennsylvania.</subfield><subfield code="2">fast</subfield><subfield code="0">(OCoLC)fst01204598</subfield></datafield><datafield ind1=" " ind2="7" tag="651"><subfield code="a">Pennsylvania</subfield><subfield code="z">Allentown.</subfield><subfield code="2">fast</subfield><subfield code="0">(OCoLC)fst01206509</subfield></datafield><datafield ind1=" " ind2=" " tag="752"><subfield code="a">United States</subfield><subfield code="b">Pennsylvania</subfield><subfield code="c">Lehigh</subfield><subfield code="d">Allentown.</subfield></datafield><datafield ind1=" " ind2=" " tag="752"><subfield code="a">United States</subfield><subfield code="b">Pennsylvania</subfield><subfield code="c">Northampton</subfield><subfield code="d">Easton.</subfield></datafield><datafield ind1="0" ind2="0" tag="780"><subfield code="t">Anti-freimaurer, und Lecha Caunty patriot</subfield><subfield code="w">(DLC)sn 89077890</subfield></datafield><datafield ind1="0" ind2="0" tag="785"><subfield code="t">Lecha Patriot und Northampton Caunty wo&#776;chentlicher Anzeiger</subfield><subfield code="w">(DLC)sn 86071312</subfield></datafield></record>